\usepackage{url}
\begin{thebibliography}{1}
@misc{1,
	title = {Linux System Administrators Guide},
	author = {Lars Wirzenius, Joanna Oja, Stephen Stafford, Alex Weeks},
	howpublished = {\url{http://www.tldp.org/LDP/sag/html/filesystems.html}},
	note = {Accessed: 11-26-2016}
}

@misc{2,
	title = {Anatomy of Linux journaling file systems},
	author = {Tim Jones},
	howpublished = {\url{http://www.ibm.com/developerworks/library/l-journaling-filesystems/}},
	note = {Accessed: 11-26-2016}
}

@Book{3,
	author = {Marshall Kirk McMusick, George V. Neville-Neil},
	title = {Design and Implementation of the FreeBSD Operating System},
	publisher = {Addison-Wesley},
	year = {2015},
	edition = {2nd},
}

@misc{4,
	title = {FreeBSD Handbook, chapter 19},
	author = {The FreeBSD Documentation Project},
	howpublished = {\url{https://www.freebsd.org/doc/handbook/index.html}},
	note = {Accessed: 11-26-2016},
}

@misc{5,
	title = {Understanding file systems},
	author = {UFS Explorer},
	howpublished = {\url{http://www.ufsexplorer.com/und_fs.php}},
	note = {Accessed: 11-26-2016},
}

@misc{6,
	title = {Overview of FAT, HPFS, and NTFS File Systems},
	author = {Microsoft Support},
	howpublished = {\url{https://support.microsoft.com/en-us/kb/100108}},
	note = {Accessed: 11-26-2016},
}
\end{thebibliography}