\usepackage{url}
\begin{thebibliography}{1}
@Book{1,
	author = {Marshall Kirk McMusick, George V. Neville-Neil},
	title = {Design and Implementation of the FreeBSD Operating System},
	publisher = {Addison-Wesley},
	year = {2015},
	edition = {2nd},
}
@Book{2,
	author = {Kevin McGrath},
	title = {Operating Systems},
	publisher = {Top Hat},
	year = {2016},
}
@misc{3,
	title = {Microsoft Developer Resources: PEB structure},
	howpublished = {\url{https://msdn.microsoft.com/en-us/library/windows/desktop/aa813706(v=vs.85).aspx}},
	note = {Accessed: 10-17-2016}
}
@misc{4,
	title = {Microsoft Developer Resources: CreateProcess Function},
	howpublished = {\url{https://msdn.microsoft.com/en-us/library/windows/desktop/ms682425(v=vs.85).aspx}},
	note = {Accessed: 10-17-2016}
}

\end{thebibliography}