\usepackage{url}
\begin{thebibliography}{1}
@Book{1,
	author = {David A Rusling},
	title = {The Linux Kernel},
	year = {1999},
	edition = {0.8-3},
}

@Book{2,
	author = {Kevin McGrath},
	title = {Operating Systems},
	publisher = {Top Hat},
	year = {2016},
}
@misc{3,
	title = {Red-black Trees (rbtree) in Linux},
	author = {Rob Landley},
	howpublished = {\url{https://www.kernel.org/doc/Documentation/rbtree.txt}},
	note = {Accessed: 11-11-2016}
}
@misc{4,
	title = {Kernel Crypto API Interface Specification},
	howpublished = {\url{http://www.chronox.de/crypto-API/crypto/intro.html}},
	note = {Accessed: 11-11-2016}
}
@misc{5,
	title = {Linux and cryptography},
	howpublished = {\url{http://www.antipope.org/charlie/old/linux/shopper/167.crypto.html}},
	note = {Accessed: 11-11-2016}
}
@misc{6,
	title = {Linux vs. Windows device driver model: architecture, APIs and build environment comparison},
	howpublished = {\url{http://xmodulo.com/linux-vs-windows-device-driver-model.html}},
	note = {Accessed: 11-11-2016}
}
@Book{7,
	author = {Marshall Kirk McMusick, George V. Neville-Neil},
	title = {Design and Implementation of the FreeBSD Operating System},
	publisher = {Addison-Wesley},
	year = {2015},
	edition = {2nd},
}

\end{thebibliography}