\usepackage{url}
\begin{thebibliography}{1}

@Book{2,
	author = {Kevin McGrath},
	title = {Operating Systems},
	publisher = {Top Hat},
	year = {2016},
}
@misc{3,
	title = {Anatomy of Linux synchronization methods},
	author = {Tim Jones},
	howpublished = {\url{http://www.ibm.com/developerworks/library/l-linux-synchronization/}},
	note = {Accessed: 12-3-2016}
}

}
@Book{5,
	author = {David Solomon Mark Russinovich},
	title = {Windows Internals},
	publisher = {Microsoft Press},
	year = {2012},
	edition = {6th},
}

\end{thebibliography}