\usepackage{url}
\begin{thebibliography}{1}
@Book{1,
	author = {Marshall Kirk McMusick, George V. Neville-Neil},
	title = {Design and Implementation of the FreeBSD Operating System},
	publisher = {Addison-Wesley},
	year = {2015},
	edition = {2nd},
}
@Book{2,
	author = {Kevin McGrath},
	title = {Operating Systems},
	publisher = {Top Hat},
	year = {2016},
}
@misc{3,
	title = {Microsoft Developer Resources: PEB structure},
	howpublished = {\url{https://msdn.microsoft.com/en-us/library/windows/desktop/aa813706(v=vs.85).aspx}},
	note = {Accessed: 10-17-2016}
}
@misc{4,
	title = {Microsoft Developer Resources: CreateProcess Function},
	howpublished = {\url{https://msdn.microsoft.com/en-us/library/windows/desktop/ms682425(v=vs.85).aspx}},
	note = {Accessed: 10-17-2016}
}
@misc{5,
	title = {Microsoft Developer Resources: CreateProcess Scheduler},
	howpublished = {\url{https://msdn.microsoft.com/en-us/library/windows/desktop/ms685100(v=vs.85).aspx}},
	note = {Accessed: 10-17-2016}
}
@misc{6,
	title = {Inside the Linux 2.6 Completely Fair Scheduler},
	howpublished = {\url{http://www.ibm.com/developerworks/linux/library/l-completely-fair-scheduler/}},
	note = {Accessed: 10-17-2016}
}

@Book{7,
	author = {David A Rusling},
	title = {The Linux Kernel},
	year = {1999},
	edition = {0.8-3},
}

@Book{8,
	author = {Kevin McGrath},
	title = {Operating Systems},
	publisher = {Top Hat},
	year = {2016},
}
@misc{9,
	title = {Red-black Trees (rbtree) in Linux},
	author = {Rob Landley},
	howpublished = {\url{https://www.kernel.org/doc/Documentation/rbtree.txt}},
	note = {Accessed: 11-11-2016}
}
@misc{10,
	title = {Kernel Crypto API Interface Specification},
	howpublished = {\url{http://www.chronox.de/crypto-API/crypto/intro.html}},
	note = {Accessed: 11-11-2016}
}
@misc{11,
	title = {Linux and cryptography},
	howpublished = {\url{http://www.antipope.org/charlie/old/linux/shopper/167.crypto.html}},
	note = {Accessed: 11-11-2016}
}
@misc{12,
	title = {Linux vs. Windows device driver model: architecture, APIs and build environment comparison},
	howpublished = {\url{http://xmodulo.com/linux-vs-windows-device-driver-model.html}},
	note = {Accessed: 11-11-2016}
}
@Book{13,
	author = {Marshall Kirk McMusick, George V. Neville-Neil},
	title = {Design and Implementation of the FreeBSD Operating System},
	publisher = {Addison-Wesley},
	year = {2015},
	edition = {2nd},
}


@misc{14,
	title = {Linux System Administrators Guide},
	author = {Lars Wirzenius, Joanna Oja, Stephen Stafford, Alex Weeks},
	howpublished = {\url{http://www.tldp.org/LDP/sag/html/filesystems.html}},
	note = {Accessed: 11-26-2016}
}

@misc{15,
	title = {Anatomy of Linux journaling file systems},
	author = {Tim Jones},
	howpublished = {\url{http://www.ibm.com/developerworks/library/l-journaling-filesystems/}},
	note = {Accessed: 11-26-2016}
}

@Book{16,
	author = {Marshall Kirk McMusick, George V. Neville-Neil},
	title = {Design and Implementation of the FreeBSD Operating System},
	publisher = {Addison-Wesley},
	year = {2015},
	edition = {2nd},
}

@misc{17,
	title = {FreeBSD Handbook, chapter 19},
	author = {The FreeBSD Documentation Project},
	howpublished = {\url{https://www.freebsd.org/doc/handbook/index.html}},
	note = {Accessed: 11-26-2016}
}

@misc{18,
	title = {Understanding file systems},
	author = {UFS Explorer},
	howpublished = {\url{http://www.ufsexplorer.com/und_fs.php}},
	note = {Accessed: 11-26-2016},
}

@misc{19,
	title = {Overview of FAT, HPFS, and NTFS File Systems},
	author = {Microsoft Support},
	howpublished = {\url{https://support.microsoft.com/en-us/kb/100108}},
	note = {Accessed: 11-26-2016},
}

@Book{20,
	author = {Kevin McGrath},
	title = {Operating Systems},
	publisher = {Top Hat},
	year = {2016},
}
@misc{21,
	title = {Anatomy of Linux synchronization methods},
	author = {Tim Jones},
	howpublished = {\url{http://www.ibm.com/developerworks/library/l-linux-synchronization/}},
	note = {Accessed: 12-3-2016}
}

}
@Book{22,
	author = {David Solomon Mark Russinovich},
	title = {Windows Internals},
	publisher = {Microsoft Press},
	year = {2012},
	edition = {6th},
}

\end{thebibliography}